<?xml version="1.0" encoding="UTF-8"?><collection xmlns="http://www.loc.gov/MARC21/slim"><record><leader>00596nam--2200181-i-4500</leader><controlfield tag="001">000009593</controlfield><controlfield tag="002">20161230</controlfield><controlfield tag="005">20161230201028</controlfield><controlfield tag="008">060222s1000------------r-----000-0-fre-d</controlfield><datafield ind1=" " ind2=" " tag="040"><subfield code="a">IFIN-HH</subfield></datafield><datafield ind1=" " ind2=" " tag="041"><subfield code="a">fre</subfield></datafield><datafield ind1=" " ind2=" " tag="080"><subfield code="a">539.12.162.8</subfield></datafield><datafield ind1="1" ind2=" " tag="100"><subfield code="a">Barrelet, Etienne</subfield></datafield><datafield ind1="1" ind2="0" tag="245"><subfield code="a">Production de baryons d etrangete -2 dans les interactions k p a 3,9 gev/c et proposi tion d une nouvelle methode d'analyse des amplitudes de reaction</subfield><subfield code="b">These</subfield><subfield code="c">Etienne barrelet</subfield></datafield><datafield ind1=" " ind2=" " tag="260"><subfield code="a">Paris</subfield><subfield code="b">Faculte De Sciences De Paris</subfield><subfield code="c">1970</subfield></datafield><datafield ind1=" " ind2=" " tag="300"><subfield code="a">202 P</subfield></datafield><datafield ind1=" " ind2=" " tag="852"><subfield code="a">34354</subfield><subfield code="c">539.12</subfield></datafield><datafield ind1=" " ind2=" " tag="CAT"><subfield code="a">Sys</subfield><subfield code="c">20111121</subfield><subfield code="h">150101</subfield></datafield></record></collection>